<record><leader>00000cas a2200000 i 4500</leader><controlfield tag="001">15720468</controlfield><controlfield tag="008">870521d18831885inuwr ne      0    0eng c</controlfield><datafield ind1=" " ind2=" " tag="010"><subfield code="a">sn 87055820 </subfield></datafield><datafield ind1=" " ind2=" " tag="040"><subfield code="a">NPI</subfield><subfield code="b">eng</subfield><subfield code="e">rda</subfield><subfield code="c">NPI</subfield><subfield code="d">OCLCQ</subfield><subfield code="d">IUL</subfield><subfield code="d">OCLCF</subfield></datafield><datafield ind1=" " ind2=" " tag="042"><subfield code="a">pcc</subfield></datafield><datafield ind1=" " ind2=" " tag="043"><subfield code="a">n-us-in</subfield></datafield><datafield ind1="0" ind2=" " tag="130"><subfield code="a">Weekly independent (Goshen, Ind.)</subfield></datafield><datafield ind1="1" ind2="4" tag="245"><subfield code="a">The Weekly independent.</subfield></datafield><datafield ind1=" " ind2="1" tag="264"><subfield code="a">Goshen, Ind. :</subfield><subfield code="b">Thos. A. Starr,</subfield><subfield code="c">1883-</subfield></datafield><datafield ind1=" " ind2=" " tag="300"><subfield code="a">2 volumes</subfield></datafield><datafield ind1=" " ind2=" " tag="310"><subfield code="a">Weekly</subfield></datafield><datafield ind1=" " ind2=" " tag="336"><subfield code="a">text</subfield><subfield code="b">txt</subfield><subfield code="2">rdacontent</subfield></datafield><datafield ind1=" " ind2=" " tag="337"><subfield code="a">unmediated</subfield><subfield code="b">n</subfield><subfield code="2">rdamedia</subfield></datafield><datafield ind1=" " ind2=" " tag="338"><subfield code="a">volume</subfield><subfield code="b">nc</subfield><subfield code="2">rdacarrier</subfield></datafield><datafield ind1="0" ind2=" " tag="362"><subfield code="a">Eighth year, number 1 (March 31, 1883)-</subfield></datafield><datafield ind1="1" ind2=" " tag="362"><subfield code="a">Ceased with Mar. 27, 1885 issue.</subfield></datafield><datafield ind1=" " ind2=" " tag="580"><subfield code="a">Also published in a daily ed. called: Daily news, Dec. 10, 1883-Dec. 9, 1887.</subfield></datafield><datafield ind1=" " ind2=" " tag="588"><subfield code="a">Latest issue consulted: Ninth year, number 52 (March 20, 1885); U.S. Newspaper Archive (viewed May 16, 2017).</subfield></datafield><datafield ind1=" " ind2="0" tag="651"><subfield code="a">Goshen (Elkhart County, Ind.)</subfield><subfield code="v">Newspapers.</subfield></datafield><datafield ind1=" " ind2="0" tag="651"><subfield code="a">Elkhart County (Ind.)</subfield><subfield code="v">Newspapers.</subfield></datafield><datafield ind1=" " ind2="7" tag="655"><subfield code="a">Newspapers.</subfield><subfield code="2">fast</subfield><subfield code="0">(OCoLC)fst01423814</subfield></datafield><datafield ind1=" " ind2="7" tag="651"><subfield code="a">Indiana</subfield><subfield code="z">Elkhart County.</subfield><subfield code="2">fast</subfield><subfield code="0">(OCoLC)fst01205779</subfield></datafield><datafield ind1=" " ind2="7" tag="651"><subfield code="a">Indiana</subfield><subfield code="z">Goshen (Elkhart County)</subfield><subfield code="2">fast</subfield><subfield code="0">(OCoLC)fst01692321</subfield></datafield><datafield ind1=" " ind2=" " tag="752"><subfield code="a">United States</subfield><subfield code="b">Indiana</subfield><subfield code="c">Elkhart</subfield><subfield code="d">Goshen.</subfield></datafield><datafield ind1="1" ind2=" " tag="775"><subfield code="t">Daily news (Goshen, Ind.)</subfield><subfield code="w">(DLC)sn 87056061</subfield><subfield code="w">(OCoLC)15721582</subfield></datafield><datafield ind1="0" ind2="0" tag="780"><subfield code="t">Semi-weekly independent (Goshen, Ind.)</subfield><subfield code="w">(DLC)sn 87055819</subfield><subfield code="w">(OCoLC)15730427</subfield></datafield><datafield ind1="0" ind2="0" tag="785"><subfield code="t">Weekly news (Goshen, Ind.)</subfield><subfield code="w">(DLC)sn 87055822</subfield><subfield code="w">(OCoLC)15727191</subfield></datafield><datafield ind1="4" ind2="1" tag="856"><subfield code="u">https://access.newspaperarchive.com/us/indiana/goshen/goshen-semi-weekly-independent/</subfield></datafield><datafield ind1="4" ind2="1" tag="856"><subfield code="u">https://access.newspaperarchive.com/us/indiana/goshen/goshen-weekly-independent/</subfield></datafield></record>